@article{leo1988techniques,
  title={Techniques for nuclear and particle physics experiments},
  author={Leo, William R},
  journal={Nucl Instrum Methods Phys Res},
  volume={834},
  pages={290},
  year={1988}
}
@article{agostinelli2003geant4,
  title={GEANT4â€”a simulation toolkit},
  author={Agostinelli, Sea and Allison, John and Amako, K al and Apostolakis, John and Araujo, H and Arce, Pedro and Asai, Makoto and Axen, D and Banerjee, Swagato and Barrand, GJNI and others},
  journal={Nuclear instruments and methods in physics research section A: Accelerators, Spectrometers, Detectors and Associated Equipment},
  volume={506},
  number={3},
  pages={250--303},
  year={2003},
  publisher={Elsevier}
}
@misc{ROOT,
    author       = {ROOT Collaboration},
    title        = {ROOT - An Object-Oriented Data Analysis Framework},
    year         = {1995-2022},
    url          = {https://root.cern},
    note         = {Version 6},
}
@misc{python,
    author       = {Python Software Foundation},
    title        = {Python Programming Language},
    year         = {1991--present},
    url          = {https://www.python.org},
}