@article{leo1988techniques,
  title={Techniques for nuclear and particle physics experiments},
  author={Leo, William R},
  journal={Nucl Instrum Methods Phys Res},
  volume={834},
  pages={290},
  year={1988}
}

